
@article{rodriguez2012caging,
  title={From caging to grasping},
  author={Rodriguez, Alberto and Mason, Matthew T and Ferry, Steve},
  journal={The International Journal of Robotics Research},
  volume={31},
  number={7},
  pages={886--900},
  year={2012},
  publisher={SAGE Publications Sage UK: London, England}
}

@inproceedings{dafle2014extrinsic,
  title={Extrinsic dexterity: In-hand manipulation with external forces},
  author={Dafle, Nikhil Chavan and Rodriguez, Alberto and Paolini, Robert and Tang, Bowei and Srinivasa, Siddhartha S and Erdmann, Michael and Mason, Matthew T and Lundberg, Ivan and Staab, Harald and Fuhlbrigge, Thomas},
  booktitle={Robotics and Automation (ICRA), 2014 IEEE International Conference on},
  pages={1578--1585},
  year={2014},
  organization={IEEE}
}

@incollection{prattichizzo2016grasping,
  title={Grasping},
  author={Prattichizzo, Domenico and Trinkle, Jeffrey C},
  booktitle={Springer handbook of robotics},
  pages={955--988},
  year={2016},
  publisher={Springer}
}

@inproceedings{alami1994two,
  title={Two manipulation planning algorithms},
  author={Alami, Rachid and Laumond, Jean-Paul and Sim{\'e}on, Thierry},
  booktitle={WAFR Proceedings of the workshop on Algorithmic foundations of robotics},
  pages={109--125},
  year={1994},
  organization={AK Peters, Ltd. Natick, MA, USA}
}

@article{prats2010framework,
  title={A framework for compliant physical interaction},
  author={Prats, Mario and Sanz, Pedro J and Del Pobil, Angel P},
  journal={Autonomous Robots},
  volume={28},
  number={1},
  pages={89--111},
  year={2010},
  publisher={Springer}
}

@inproceedings{dogar2010push,
  title={Push-grasping with dexterous hands: Mechanics and a method},
  author={Dogar, Mehmet R and Srinivasa, Siddhartha S},
  booktitle={Intelligent Robots and Systems (IROS), 2010 IEEE/RSJ International Conference on},
  pages={2123--2130},
  year={2010},
  organization={IEEE}
}

@article{dogar2012physics,
  title={Physics-based grasp planning through clutter},
  author={Dogar, M and Hsiao, Kaijen and Ciocarlie, Matei and Srinivasa, Siddhartha},
  year={2012}
}

@inproceedings{diankov2008manipulation,
  title={Manipulation planning with caging grasps},
  author={Diankov, Rosen and Srinivasa, Siddhartha S and Ferguson, Dave and Kuffner, James},
  booktitle={Humanoid Robots, 2008. Humanoids 2008. 8th IEEE-RAS International Conference on},
  pages={285--292},
  year={2008},
  organization={IEEE}
}
	
@incollection{brock2008motion,
  title={Motion for manipulation tasks},
  author={Brock, Oliver and Kuffner, James and Xiao, Jing},
  booktitle={Springer Handbook of Robotics},
  pages={615--645},
  year={2008},
  publisher={Springer}
}
	
@incollection{kavraki2016motion,
  title={Motion planning},
  author={Kavraki, Lydia E and LaValle, Steven M},
  booktitle={Springer handbook of robotics},
  pages={139--162},
  year={2016},
  publisher={Springer}
}

@inproceedings{chavan2015prehensile,
  title={Prehensile pushing: In-hand manipulation with push-primitives},
  author={Chavan-Dafle, Nikhil and Rodriguez, Alberto},
  booktitle={Intelligent Robots and Systems (IROS), 2015 IEEE/RSJ International Conference on},
  pages={6215--6222},
  year={2015},
  organization={IEEE}
}
	
@article{mori70,
	Author = {Mori, Masahiro},
	Date-Added = {2016-10-01 17:20:37 +0000},
	Date-Modified = {2016-10-01 17:20:37 +0000},
	Journal = {Energy},
	Number = {4},
	Pages = {33--35},
	Title = {{The uncanny valley}},
	Volume = {7},
	Year = {1970}}

@inproceedings{goodrich01,
	Author = {Goodrich, M.A. and Olsen, D.R. and Crandall, J.W. and Palmer, T.J.},
	Booktitle = {Proc. IJCAI Workshop on Autonomy, Delegation and Control: Interacting with Intelligent Agents},
	Date-Added = {2016-10-01 17:38:43 +0000},
	Date-Modified = {2016-10-01 17:38:43 +0000},
	Doi = {10.1109/ICSMC.2001.973517},
	Isbn = {0-7803-7087-2},
	Pages = {1624--1629},
	Publisher = {Citeseer},
	Title = {{Experiments in adjustable autonomy}},
	}
	
@inproceedings{feil-seifer05,
	Author = {Feil-Seifer, David and Mataric, Maja J},
	Booktitle = {Rehabilitation Robotics, 2005. ICORR 2005. 9th Int. Conf.},
	Date-Added = {2016-09-29 22:38:20 +0000},
	Date-Modified = {2016-09-29 22:38:20 +0000},	
	Pages = {465--468},
	Title = {Defining socially assistive robotics},
	}

@inproceedings{klemmer06,
	Author = {Klemmer, SR and Hartmann, B and Takayama, L},
	Booktitle = {Designing Interactive Systems (DIS 2006)},
	Date-Added = {2016-09-29 13:29:56 +0000},
	Date-Modified = {2016-09-29 13:29:59 +0000},
	Keywords = {Embodiment,HCI,UbiComp,bodies,embodied interaction,interaction design,phenomenology,ubiquitous computing},
	Mendeley-Tags = {Embodiment,HCI,UbiComp},
	Pages = {140--149},
	Title = {{How bodies matter: five themes for interaction design}},
	Url = {http://portal.acm.org/citation.cfm?id=1142429},
	Year = {2006},
	Bdsk-Url-1 = {http://portal.acm.org/citation.cfm?id=1142429}}

@book{snyder03,
	Author = {Snyder, Carolyn},
	Date-Added = {2016-09-29 13:27:42 +0000},
	Date-Modified = {2016-09-29 13:27:42 +0000},
	Publisher = {Morgan Kaufmann},
	Title = {Paper prototyping: The fast and easy way to design and refine user interfaces},
	Year = {2003}}

@inproceedings{davenport2012design,
	Author = {Davenport, Clark and Parietti, Federico and Asada, H Harry},
	Booktitle = {ASME 2012 5th Annu. Dynamic Systems and Control Conf.},	
	Pages = {787--793},
	Title = {Design and biomechanical analysis of supernumerary robotic limbs},}
	

@inproceedings{parietti2014supernumerary,
	Author = {Parietti, Federico and Asada, H Harry},
	Booktitle = {Robotics and Automation (ICRA), 2014 IEEE Int. Conf.},	
	Pages = {1176--1183},
	Title = {Supernumerary robotic limbs for aircraft fuselage assembly: body stabilization and guidance by bracing},}
	

@inproceedings{parietti2015design,
	Author = {Parietti, Federico and Chan, Kameron C and Hunter, Banks and Asada, H Harry},
	Booktitle = {Robotics and Automation (ICRA), 2015 IEEE Int. Conf.},	
	Pages = {5010--5017},
	Title = {Design and control of Supernumerary Robotic Limbs for balance augmentation},}
	

@inproceedings{leigh2016body,
	Author = {Leigh, Sang-Won and Maes, Pattie},
	Booktitle = {Proc. 2016 ACM CHI Conf. Extended Abstracts},	
	Pages = {3719--3722},
	Title = {Body Integrated Programmable Joints Interface},}
	

@article{odhner2013open,
	Author = {Odhner, Lael U and Ma, Raymond R and Dollar, Aaron M},
	Journal = {IEEE Trans. Autom. Sci. Eng.},
	Number = {3},
	Pages = {625--633},	
	Title = {Open-loop precision grasping with underactuated hands inspired by a human manipulation strategy},
	Volume = {10},
	Year = {2013}}

@inproceedings{wu2014supernumerary,
	Author = {Wu, Faye and Asada, Harry},
	Booktitle = {ASME 2014 Dynamic Syst. and Control Conf.},	
	Pages = {V002T16A009--V002T16A009},
	Title = {Supernumerary robotic fingers: an alternative upper-limb prosthesis},}
	

@article{guterstam2011illusion,
	Author = {Guterstam, Arvid and Petkova, Valeria I and Ehrsson, H Henrik},
	Journal = {PloS one},
	Number = {2},
	Pages = {e17208},
	Publisher = {Public Library of Science},
	Title = {The illusion of owning a third arm},
	Volume = {6},
	Year = {2011}}

@inproceedings{hussain2015design,
	Author = {Hussain, Irfan and Salvietti, Gionata and Malvezzi, Monica and Prattichizzo, Domenico},
	Booktitle = {RTSI 2015 IEEE 1st Int. Forum},	
	Pages = {54--60},
	Title = {Design guidelines for a wearable robotic extra-finger},}
	

@inproceedings{ort2015supernumerary,
	Author = {Ort, Teddy and Wu, Faye and Hensel, Nicholas C and Asada, H Harry},
	Booktitle = {ASME 2015 Dynamic Syst. and Control Conf.},	
	Pages = {V002T27A010--V002T27A010},
	Title = {Supernumerary Robotic Fingers as a Therapeutic Device for Hemiparetic Patients},}
	

@inproceedings{hussain2015vibrotactile,
	Author = {Hussain, Irfan and Meli, Leonardo and Pacchierotti, Claudio and Salvietti, Gionata and Prattichizzo, Domenico},
	Booktitle = {Proc. IEEE World Haptics Conf. (WHC)},
	Title = {Vibrotactile haptic feedback for intuitive control of robotic extra fingers},
	Year = {2015}}

@article{belter2013mechanical,
	Author = {Belter, Joseph T and Segil, Jacob L},
	Journal = {J. of Rehabilitation Res. and Develop.},
	Number = {5},
	Pages = {599},
	Publisher = {Superintendent of Documents},
	Title = {Mechanical design and performance specifications of anthropomorphic prosthetic hands: a review},
	Volume = {50},
	Year = {2013}}

@article{carlson2010rapid,
	Author = {Carlson, Thomas A and Alvarez, George and Wu, Daw-an and Verstraten, Frans AJ},
	Journal = {Psychological Science},
	Publisher = {Sage Publications},
	Title = {Rapid assimilation of external objects into the body schema},
	Year = {2010}}

@inproceedings{mohammed2009towards,
	Author = {Mohammed, Samer and Amirat, Yacine},
	Booktitle = {ROBIO 2008 IEEE Int. Conf.},	
	Pages = {312--317},
	Title = {Towards intelligent lower limb wearable robots: Challenges and perspectives-State of the art},}
	

@inproceedings{guo2013evaluation,
	Author = {Guo, Fangfang and Li, Yu and Kankanhalli, Mohan S and Brown, Michael S},
	Booktitle = {Proc. 1st ACM Int. Workshop on Personal data meets distributed multimedia},	
	Pages = {31--34},
	Title = {An evaluation of wearable activity monitoring devices},
	Year = {2013}}

@article{de2003electroactive,
	Author = {De Rossi, Danilo and Carpi, Federico and Lorussi, Federico and Mazzoldi, Alberto and Paradiso, Rita and Scilingo, Enzo Pasquale and Tognetti, Alessandro},
	Journal = {AUTEX Research Journal},
	Number = {4},
	Pages = {180--185},
	Title = {Electroactive fabrics and wearable biomonitoring devices},
	Volume = {3},
	Year = {2003}}

@inproceedings{mayol2002designing,
	Author = {Mayol, WW and Tordoff, BJ and Murray, David W},
	Booktitle = {Robotics and Automation (ICRA), 2002 IEEE Int. Conf.},	
	Pages = {3725--3730},
	Title = {Designing a miniature wearable visual robot},
	Volume = {4},}
	

@inproceedings{mistry2009wuw,
	Author = {Mistry, Pranav and Maes, Pattie and Chang, Liyan},
	Booktitle = {Proc. 2009 ACM CHI Conf. Extended Abstracts},	
	Pages = {4111--4116},
	Title = {WUW-wear Ur world: a wearable gestural interface},}
	

@article{louise1994collecting,
	Author = {Louise Barriball, K and While, Alison},
	Journal = {J. of advanced nursing},
	Number = {2},
	Pages = {328--335},
	Publisher = {Wiley Online Library},
	Title = {Collecting Data using a semi-structured interview: a discussion paper},
	Volume = {19},
	Year = {1994}}

@book{bernard2012social,
	Author = {Bernard, H Russell},
	Publisher = {Sage},
	Title = {Social research methods: Qualitative and quantitative approaches},
	Year = {2012}}

@article{hart1988development,
	Author = {Hart, Sandra G and Staveland, Lowell E},
	Date-Modified = {2016-10-04 02:51:05 +0000},
	Journal = {Advances in psychology},
	Pages = {139--183},
	Publisher = {Elsevier},
	Title = {Development of {NASA-TLX (Task Load Index)}: Results of empirical and theoretical research},
	Volume = {52},
	Year = {1988}}

@inproceedings{sauro2009comparison,
	Author = {Sauro, Jeff and Dumas, Joseph S},
	Booktitle = {Proc. SIGCHI Conf. Human Factors in Computing Systems},
	Organization = {ACM},
	Pages = {1599--1608},
	Title = {Comparison of three one-question, post-task usability questionnaires},
	Year = {2009}}

@article{brooke1996sus,
	Author = {Brooke, John and others},
	Date-Modified = {2016-10-03 16:58:15 +0000},
	Journal = {Usability evaluation in industry},
	Number = {194},
	Pages = {4--7},
	Publisher = {London},
	Title = {{SUS}-A quick and dirty usability scale},
	Volume = {189},
	Year = {1996}}

@inproceedings{yanco2004classifying,
	Author = {Yanco, Holly A and Drury, Jill L and others},
	Booktitle = {SMC (3)},
	Pages = {2841--2846},
	Title = {Classifying human-robot interaction: an updated taxonomy.},
	Year = {2004}}

@inproceedings{liao2015thirdhand,
	Author = {Liao, Yi-Chi and Yang, Shun-Yao and Liang, Rong-Hao and Chan, Liwei and Chen, Bing-Yu},
	Booktitle = {SIGGRAPH Asia 2015 Emerging Technologies},
	Organization = {ACM},
	Pages = {24},
	Title = {ThirdHand: wearing a robotic arm to experience rich force feedback}
	}
	

@article{schaefer2009my,
  title={My third arm: shifts in topography of the somatosensory homunculus predict feeling of an artificial supernumerary arm},
  author={Schaefer, Michael and Heinze, Hans-Jochen and Rotte, Michael},
  journal={Human brain mapping},
  volume={30},
  number={5},
  pages={1413--1420},
  year={2009},
  publisher={Wiley Online Library}
}

@electronic{stelthird,
 author = {Stelarc}, 
 Title = {{Third Hand [Online]. Available: [Accessed 04-Feb-2017]}},
 Howpublished = {\url{http://stelarc.org/?catID=20265}},
 urldate = {06.02.2017} 
}

@book{pons2008wearable,
  title={Wearable robots: biomechatronic exoskeletons},
  author={Pons, Jose L},
  year={2008},
  publisher={John Wiley \& Sons}
}

@article{cao2011accurate,
  title={Accurate numerical methods for computing 2d and 3d robot workspace},
  author={Cao, Yi and Lu, Ke and Li, Xiujuan and Zang, Yi},
  journal={Int. J. of Advanced Robotic Syst.},
  volume={8},
  number={6},
  pages={76},
  year={2011},
  publisher={SAGE Publications Sage UK: London, England}
}

@article{bretan2016robotic,
  title={A Robotic Prosthesis for an Amputee Drummer},
  author={Bretan, Mason and Gopinath, Deepak and Mullins, Philip and Weinberg, Gil},
  journal={arXiv preprint arXiv:1612.04391},
  year={2016}
}

@electronic{human_moveit,
 author = {Baptiste Busch}, 
 Title = {{Flowers Laboratory, INRIA. [Online] Available: [Accessed 01-Feb-2017]}},
 Howpublished = {\url{https://github.com/baxter-flowers/human\textunderscore moveit\textunderscore config}},
 urldate = {02.02.2017} 
}

@electronic{nasa_std_3000, 
 Title = {{NASA-STD-3000 Man-System Integration Standards. [Online] Available: [Accessed 02-Feb-2017]}},
 Howpublished = {\url{https://msis.jsc.nasa.gov/}},
 urldate = {02.02.2017} 
}

@electronic{drumthirdarm,
 author = {Jason Mederer}, 
 Title = {{Wearable Robot Transforms Musicians into Three-Armed Drummers [Online]. Available: [Accessed 02-Feb-2017]}},
 Howpublished = {\url{http://www.news.gatech.edu/2016/02/17/wearable-robot-transforms-musicians-three-armed-drummers}},
 urldate = {02.02.2017} 
}

@article{hartenberg1955kinematic,
  title={A kinematic notation for lower pair mechanisms based on matrices},
  author={Hartenberg, Richard S and Denavit, Jacques},
  journal={J. of Appl. Mechanics},
  volume={77},
  number={2},
  pages={215--221},
  year={1955}
}

@inproceedings{gopura2009mechanical,
  title={Mechanical designs of active upper-limb exoskeleton robots: State-of-the-art and design difficulties},
  author={Gopura, RARC and Kiguchi, Kazuo},
  booktitle={ICORR 2009. IEEE Int. Conf.},
  pages={178--187}, 
  
}

@article{otis1990torque,
  title={Torque production in the shoulder of the normal young adult male The interaction of function, dominance, joint angle, and angular velocity},
  author={Otis, James C and Warren, Russell F and Backus, Sherry I and Santner, Thomas J and Mabrey, Jay D},
  journal={The American J. of Sports Medicine},
  volume={18},
  number={2},
  pages={119--123},
  year={1990},
  publisher={American Orthopaedic Society for Sports Medicine}
}

@article{kulig1984human,
  title={Human strength curves.},
  author={Kulig, Kornelia and Andrews, James G and Hay, James G},
  journal={Exercise and sport sciences reviews},
  volume={12},
  number={1},
  pages={417--466},
  year={1984},
  publisher={LWW}
}

@article{provins1955maximum,
  title={Maximum torque exerted about the elbow joint},
  author={Provins, KA and Salter, Nancy},
  journal={J. of Appl. Physiology},
  volume={7},
  number={4},
  pages={393--398},
  year={1955},
  publisher={Am Physiological Soc}
}

@incollection{van2008rehabilitation,
  title={Rehabilitation and health care robotics},
  author={Van der Loos, HF Machiel and Reinkensmeyer, David J},
  booktitle={Springer Handbook of Robotics},
  pages={1223--1251},
  year={2008},
  publisher={Springer}
}

@inproceedings{pantofaru2012exploring,
  title={Exploring the role of robots in home organization},
  author={Pantofaru, Caroline and Takayama, Leila and Foote, Tully and Soto, Bianca},
  booktitle={Proc. 7th ACM/IEEE Int. Conf. on Human-Robot Interaction},  pages={327--334},
  year={2012}
}

@book{hartson2012ux,
  title={The UX Book: Process and guidelines for ensuring a quality user experience},
  author={Hartson, Rex and Pyla, Pardha S},
  year={2012},
  publisher={Elsevier}
}

@inproceedings{takayama2008beyond,
  title={Beyond dirty, dangerous and dull: what everyday people think robots should do},
  author={Takayama, Leila and Ju, Wendy and Nass, Clifford},
  booktitle={Proc. 3rd ACM/IEEE Int. Conf. on Human-Robot Interaction},
  pages={25--32},
  year={2008} 
}

@article{ringen1995safety,
  title={Safety and health in the construction industry},
  author={Ringen, Knut and Seegal, J and England, A},
  journal={Annual review of public health},
  volume={16},
  number={1},
  pages={165--188},
  year={1995},
  publisher={Annual Reviews 4139 El Camino Way, PO Box 10139, Palo Alto, CA 94303-0139, USA}
}


@article{sutton96,
	Author = {Sutton, Robert I and Hargadon, Andrew},
	Date-Added = {2016-09-30 12:21:58 +0000},
	Date-Modified = {2016-09-30 12:21:59 +0000},
	Journal = {Administrative Science Quarterly},
	Pages = {685--718},
	Publisher = {JSTOR},
	Title = {Brainstorming groups in context: Effectiveness in a product design firm},
	Year = {1996}
}

@article{atkinson2001accessing,
  title={Accessing hidden and hard-to-reach populations: Snowball research strategies},
  author={Atkinson, Rowland and Flint, John},
  journal={Social research update},
  volume={33},
  number={1},
  pages={1--4},
  year={2001}
}

@article{buhrmester2011amazon,
  title={Amazon's Mechanical Turk a new source of inexpensive, yet high-quality, data?},
  author={Buhrmester, Michael and Kwang, Tracy and Gosling, Samuel D},
  journal={Perspectives on psychological science},
  volume={6},
  number={1},
  pages={3--5},
  year={2011},
  publisher={Sage Publications}
}